<record><leader>00000cas a22000007a 4500</leader><controlfield tag="001">17475143</controlfield><controlfield tag="008">880215d18581860pauwr ne      0    0eng d</controlfield><datafield ind1=" " ind2=" " tag="010"><subfield code="a">sn 88079106 </subfield></datafield><datafield ind1=" " ind2=" " tag="040"><subfield code="a">NPH</subfield><subfield code="b">eng</subfield><subfield code="c">NPH</subfield><subfield code="d">OCLCQ</subfield></datafield><datafield ind1=" " ind2=" " tag="042"><subfield code="a">msc</subfield></datafield><datafield ind1="0" ind2="0" tag="245"><subfield code="a">Bethlehem advocate.</subfield></datafield><datafield ind1=" " ind2=" " tag="260"><subfield code="a">Bethlehem, Pa. :</subfield><subfield code="b">H. Ruede,</subfield><subfield code="c">1858-1860.</subfield></datafield><datafield ind1=" " ind2=" " tag="300"><subfield code="a">2 v. ;</subfield><subfield code="c">54 cm.</subfield></datafield><datafield ind1=" " ind2=" " tag="310"><subfield code="a">Weekly</subfield></datafield><datafield ind1="0" ind2=" " tag="362"><subfield code="a">Vol. 1, no. 1 (Oct. 9, 1858)-v. 2, no. 52 (Oct. 6, 1860).</subfield></datafield><datafield ind1=" " ind2=" " tag="515"><subfield code="a">Issues for -Oct. 6, 1860 called also -whole no. 104.</subfield></datafield><datafield ind1=" " ind2=" " tag="580"><subfield code="a">Absorbed by: Lehigh Valley times.</subfield></datafield><datafield ind1=" " ind2=" " tag="752"><subfield code="a">United States</subfield><subfield code="b">Pennsylvania</subfield><subfield code="c">Northampton</subfield><subfield code="d">Bethlehem.</subfield></datafield><datafield ind1="1" ind2="4" tag="785"><subfield code="t">Lehigh Valley times</subfield><subfield code="w">(DLC)sn 85036107</subfield></datafield></record>